
@article{densecap,
  title={Densecap: Fully convolutional localization networks for dense captioning},
  author={Johnson, Justin and Karpathy, Andrej and Fei-Fei, Li},
  journal={arXiv preprint arXiv:1511.07571},
  year={2015}
}

@inproceedings{rcnn,
  title={Rich feature hierarchies for accurate object detection and semantic segmentation},
  author={Girshick, Ross and Donahue, Jeff and Darrell, Trevor and Malik, Jitendra},
  booktitle={Proceedings of the IEEE conference on computer vision and pattern recognition},
  pages={580--587},
  year={2014}
}

@article{farzad,
  title={Combining Semantic and Geometric Features for Object Class Segmentation of Indoor Scenes},
  author={Husain, Farzad and Schulz, Hannes and Dellen, Babette and Torras, Carme and Behnke, Sven},
  journal={IEEE Robotics and Automation Letters},
  volume={2},
  number={1},
  pages={49--55},
  year={2017},
  publisher={IEEE}
}
